@misc{w1,
author={Jade-Advisory},
title={Le site du Jade-Advisory},
month={fev},
year={2024},
note={www.jade-advisory.com}
}
@misc{w2,
author={python},
title={Le site du Python Software Foundation},
month={fev},
year={2024},
note={www.python.org}
}

@misc{w3,
author={langchain},
title={Le site du langchain},
month={fev},
year={2024},
note={www.python.langchain.com/docs/get_started/introduction}
}

@misc{w4,
author={PostgreSQL},
title={Le site du PostgreSQL Global Development Group},
month={fev},
year={2024},
note={https://www.postgresql.org}
}


@misc{w5,
author={ollama},
title={Le site du ollama},
month={fev},
year={2024},
note={www.ollama.com}
}

@misc{w6,
author={langfuse},
title={Le site du langfuse},
month={fev},
year={2024},
note={langfuse.com}
}

@misc{w7,
author={streamlit},
title={Le site du streamlit},
month={fev},
year={2024},
note={streamlit.io}
}
@misc{w8,
author={docker},
title={Le site du docker inc},
month={fev},
year={2024},
note={www.docker.com}
}

@misc{w9,
author={Andreas Stöffelbaue},
title={Le site du medium},
month={fev},
year={2024},
note={www.medium.com}
}
https://www.superteams.ai/blog/how-to-set-up-falcon-40-b-on-a-budget
@misc{w10,
author={superteams},
title={Le site du superteams},
month={fev},
year={2024},
note={www.superteams.ai}
}
@misc{w11,
author={Andreas Stöffelbaue},
title={Le site du medium},
month={fev},
year={2024},
note={www.medium.com}
}

@misc{w12,
author={huggingface},
title={Le site du knowledge.dataikuhuggingface},
month={fev},
year={2024},
note={www.huggingface.com}
}
@misc{w13,
author={knowledge.dataiku},
title={Le site du knowledge.dataiku},
month={fev},
year={2024},
note={www.knowledge.dataiku.com}
}
@misc{w14,
author={arxiv.org},
title={Table Meets LLM: Can Large Language Models Understand Structured Table Data? A Benchmark and Empirical Study},
month={feb},
year={2024},
note={https://arxiv.org/abs/2305.13062}
}
@misc{w16,
author={Yann-Aël Le Borgne},
title={OpenAI vs Open-Source Multilingual Embedding Models},
month={feb},
year={2024},
note={https://towardsdatascience.com/openai-vs-open-source-multilingual-embedding-models-e5ccb7c90f05}
}
@misc{w17,
author={G. V. Cormack,C. L. A. Clarke,Stefan B¨uttcher},
title={Reciprocal Rank Fusion outperforms Condorcet and
individual Rank Learning Methods},
month={feb},
year={2024},
note={https://plg.uwaterloo.ca/~gvcormac/cormacksigir09-rrf.pdf}
}
@misc{w18,
author={Kevin Lin,John Hewitt,Ashwin Paranjape},
title={Lost in the Middle: How Language Models Use Long Contexts},
month={feb},
year={2024},
note={https://arxiv.org/pdf/2307.03172.pdf}
}


@inproceedings{Agusti2003,
Author = {M. Agusti and J. M. Valiente},
Title = {Feasibility of using wavelet based pyramidal analysis for visual content image description},
BookTitle = {Proceedings of the 3rd IASTED International Conference Visualization, Imaging and Image},
Year = {2000},
volume = {2},
pages = {569-574}
}

@phdthesis{Zoran,
        author = {Zoran Racic},
        title = {\'Etude et essais du spectromètre à plasma {DYMIO} 	de la  mission {MARS 96}},
        publisher = {Université Pierre et Marie Curie},
        year = {1996}
}


@mastersthesis{Laverdure1983,
Author = {L. Laverdure},
Title = {Gravimetrie de la ceinture volcanique de l'{A}bitibi},
School = {Ecole Polytechnique de Montreal},
Address = {Montreal, Qc, Canada},
Year = {1990}
} 


@book{late,
author={Christian Rolland},
title={\LaTeX{} par la pratique},
year={1999},
publisher={O'Reilly}
}

@book{texb,
author={Donald E. Knuth},
title={The \TeX book},
year={1990},
publisher={Addison -Wesley}
}

@manual{ref3,
title={Reparer son vaisseau},
author={Dupont, Nestor},
year={2009},
organization={L'Alliance}
}

@misc{ref4,
author={Les Zeros},
title={Le site du zero},
month={jun},
year={2009},
note={www.siteduzero.com}
}


@online{WinNT,
  author = {MultiMedia LLC},
  title = {{MS Windows NT} Kernel Description},
  year = 1999,
  url = {http://web.archive.org/web/20080207010024/http://www.808multimedia.com/winnt/kernel.htm},
  urldate = {2010-09-30}
}


